@manual{lab2021,
  organization = {Universidad de Talca},
  author = {Yerko Argandoña and José Antonio Reyes},
  title = {Guía trabajos de laboratorio para Bioprocesos},
  year = {2021},
}

@book{Henzler2000,
  author = {H.J. Henzler},
  title = {Particle stress in bioreactors},
  year = {2000},
  publisher = {Adv. Biochem. Eng. Biotechnol},
  page = {35-82},
}

%paper
@book{Johnssana2015,
  author = {O. Johnssona D. Sahlinb J. Lindec G. Lidénd T. Hägglunda},
  title = {A mid-ranging control strategy for non-stationary processes and its application to dissolved oxygen control in a bioprocess},
  year = {2015},
  publisher = {ELSEVIER},
}


@book{Macauley2015,
  author = {Macauley-Patrick S. Fazenda, M. L. McNeil B. , L. M. Harvey},
  title = {Heterologous Protein Production using the Pichia pastoris Expression System},
  year = {2005},
  publisher = { Wiley InterScience},
}
