@manual{lab2021,
  organization = {Universidad de Talca},
  author = {Yerko Argandoña and José Antonio Reyes},
  title = {Guía trabajos de laboratorio para Bioprocesos},
  year = {2021}
}
